@misc{{ '{' }}{{ pub.identifier }},
  title =        "{{ pub.title }}",
  author =       "{{ pub.author }}",
  year =         "{{ pub.year }}",
  publisher =    "Ian Dennis Miller",
  howpublished = "\url{http://imiller.utsc.utoronto.ca/pub2/{{ pub.identifier }}.pdf}",
}
